@misc{torok2020improving,
  title={Improving Graph Workload Performance by Rearranging the CSR Memory Layout},
  author={Torok, Ryan},
  year={2020}
}
@misc{beamer2015gap,
  title={The GAP benchmark suite},
  author={Beamer, Scott and Asanovi{\'c}, Krste and Patterson, David},
  year={2015}
}
@inproceedings{andaloro2025,
author = {Andaloro, Salvatore and Pasquali, Thomas and Vella, Flavio},
title = {Cache-optimized BFS on multi-core CPUs},
year = {2025},
publisher = {Association for Computing Machinery},
booktitle = {Proceedings of the 1st FastCode Programming Challenge},
}