@inproceedings{wang2011understanding,
  title={Understanding graph sampling algorithms for social network analysis},
  author={Wang, Tianyi and Chen, Yang and Zhang, Zengbin and Xu, Tianyin and Jin, Long and Hui, Pan and Deng, Beixing and Li, Xing},
  booktitle={2011 31st international conference on distributed computing systems workshops},
  pages={123--128},
  year={2011},
  organization={IEEE}
}

@article{newman2013community,
  title={Community detection and graph partitioning},
  author={Newman, Mark EJ},
  journal={Europhysics Letters},
  volume={103},
  number={2},
  pages={28003},
  year={2013},
  publisher={IOP Publishing}
}

@article{li2018influence,
  title={Influence maximization on social graphs: A survey},
  author={Li, Yuchen and Fan, Ju and Wang, Yanhao and Tan, Kian-Lee},
  journal={IEEE Transactions on Knowledge and Data Engineering},
  volume={30},
  number={10},
  pages={1852--1872},
  year={2018},
  publisher={IEEE}
}

@inproceedings{cui2020deterrent,
  title={Deterrent: Knowledge guided graph attention network for detecting healthcare misinformation},
  author={Cui, Limeng and Seo, Haeseung and Tabar, Maryam and Ma, Fenglong and Wang, Suhang and Lee, Dongwon},
  booktitle={Proceedings of the 26th ACM SIGKDD international conference on knowledge discovery \& data mining},
  pages={492--502},
  year={2020}
}

@article{gutierrez2016applied,
  title={Applied graph theory to real smart city logistic problems},
  author={Gutierrez, Jose M and Jensen, Michael and Riaz, Tahir},
  journal={Procedia Computer Science},
  volume={95},
  pages={40--47},
  year={2016},
  publisher={Elsevier}
}

@article{xia2021graph,
  title={Graph learning: A survey},
  author={Xia, Feng and Sun, Ke and Yu, Shuo and Aziz, Abdul and Wan, Liangtian and Pan, Shirui and Liu, Huan},
  journal={IEEE Transactions on Artificial Intelligence},
  volume={2},
  number={2},
  pages={109--127},
  year={2021},
  publisher={IEEE}
}

@inproceedings{thomson1995graph,
  title={A graph theory approach to road network generalisation},
  author={Thomson, Robert C and Richardson, Dianne E},
  booktitle={Proceeding of the 17th international cartographic conference},
  pages={1871--1880},
  year={1995}
}

@article{ozdemir2001flight,
  title={Flight graph based genetic algorithm for crew scheduling in airlines},
  author={Ozdemir, H Timucin and Mohan, Chilukuri K},
  journal={Information Sciences},
  volume={133},
  number={3-4},
  pages={165--173},
  year={2001},
  publisher={Elsevier}
}

@article{yi2022graph,
  title={Graph representation learning in bioinformatics: trends, methods and applications},
  author={Yi, Hai-Cheng and You, Zhu-Hong and Huang, De-Shuang and Kwoh, Chee Keong},
  journal={Briefings in Bioinformatics},
  volume={23},
  number={1},
  pages={bbab340},
  year={2022},
  publisher={Oxford University Press}
}

@article{harrison2016role,
  title={The role of graph theory in system of systems engineering},
  author={Harrison, Willie K},
  journal={IEEE Access},
  volume={4},
  pages={1716--1742},
  year={2016},
  publisher={IEEE}
}

@article{wagner2010assessing,
  title={Assessing the vulnerability of supply chains using graph theory},
  author={Wagner, Stephan M and Neshat, Nikrouz},
  journal={International journal of production economics},
  volume={126},
  number={1},
  pages={121--129},
  year={2010},
  publisher={Elsevier}
}

@article{chami2022machine,
  title={Machine learning on graphs: A model and comprehensive taxonomy},
  author={Chami, Ines and Abu-El-Haija, Sami and Perozzi, Bryan and R{\'e}, Christopher and Murphy, Kevin},
  journal={Journal of Machine Learning Research},
  volume={23},
  number={89},
  pages={1--64},
  year={2022}
}

@article{gao2023survey,
  title={A survey of graph neural networks for recommender systems: Challenges, methods, and directions},
  author={Gao, Chen and Zheng, Yu and Li, Nian and Li, Yinfeng and Qin, Yingrong and Piao, Jinghua and Quan, Yuhan and Chang, Jianxin and Jin, Depeng and He, Xiangnan and others},
  journal={ACM Transactions on Recommender Systems},
  volume={1},
  number={1},
  pages={1--51},
  year={2023},
  publisher={ACM New York, NY, USA}
}

@article{pourhabibi2020fraud,
  title={Fraud detection: A systematic literature review of graph-based anomaly detection approaches},
  author={Pourhabibi, Tahereh and Ong, Kok-Leong and Kam, Booi H and Boo, Yee Ling},
  journal={Decision Support Systems},
  volume={133},
  pages={113303},
  year={2020},
  publisher={Elsevier}
}

@article{wu2023graph,
  title={Graph neural networks for natural language processing: A survey},
  author={Wu, Lingfei and Chen, Yu and Shen, Kai and Guo, Xiaojie and Gao, Hanning and Li, Shucheng and Pei, Jian and Long, Bo and others},
  journal={Foundations and Trends{\textregistered} in Machine Learning},
  volume={16},
  number={2},
  pages={119--328},
  year={2023},
  publisher={Now Publishers, Inc.}
}

@article{silvela2001breadth,
  title={Breadth-first search and its application to image processing problems},
  author={Silvela, Jaime and Portillo, Javier},
  journal={IEEE Transactions on Image Processing},
  volume={10},
  number={8},
  pages={1194--1199},
  year={2001},
  publisher={IEEE}
}

@article{sihotang2020analysis,
  title={Analysis of shortest path determination by utilizing breadth first search algorithm},
  author={Sihotang, Jonhariono},
  journal={Jurnal Info Sains: Informatika dan Sains},
  volume={10},
  number={2},
  pages={1--5},
  year={2020}
}

@incollection{dijkstra2022note,
  title={A note on two problems in connexion with graphs},
  author={Dijkstra, Edsger W},
  booktitle={Edsger Wybe Dijkstra: his life, work, and legacy},
  pages={287--290},
  year={2022}
}

@article{ford1956maximal,
  title={Maximal flow through a network},
  author={Ford Jr, Lester R and Fulkerson, Delbert R},
  journal={Canadian journal of Mathematics},
  volume={8},
  pages={399--404},
  year={1956},
  publisher={Cambridge University Press}
}

@article{prim1957shortest,
  title={Shortest connection networks and some generalizations},
  author={Prim, Robert Clay},
  journal={The Bell System Technical Journal},
  volume={36},
  number={6},
  pages={1389--1401},
  year={1957},
  publisher={Nokia Bell Labs}
}

@book{cormen2022introduction,
  title={Introduction to algorithms},
  author={Cormen, Thomas H and Leiserson, Charles E and Rivest, Ronald L and Stein, Clifford},
  year={2022},
  publisher={MIT press}
}

@article{murphy2010introducing,
  title={Introducing the graph 500},
  author={Murphy, Richard C and Wheeler, Kyle B and Barrett, Brian W and Ang, James A},
  journal={Cray Users Group (CUG)},
  volume={19},
  number={45-74},
  pages={22},
  year={2010}
}

@article{sakr2021future,
  title={The future is big graphs: a community view on graph processing systems},
  author={Sakr, Sherif and Bonifati, Angela and Voigt, Hannes and Iosup, Alexandru and Ammar, Khaled and Angles, Renzo and Aref, Walid and Arenas, Marcelo and Besta, Maciej and Boncz, Peter A and others},
  journal={Communications of the ACM},
  volume={64},
  number={9},
  pages={62--71},
  year={2021},
  publisher={ACM New York, NY, USA}
}

@article{beamer2015gap,
  title={The GAP benchmark suite},
  author={Beamer, Scott and Asanovi{\'c}, Krste and Patterson, David},
  journal={arXiv preprint arXiv:1508.03619},
  year={2015}
}

@article{dagum1998openmp,
  title={OpenMP: an industry standard API for shared-memory programming},
  author={Dagum, Leonardo and Menon, Ramesh},
  journal={IEEE computational science and engineering},
  volume={5},
  number={1},
  pages={46--55},
  year={1998},
  publisher={IEEE}
}

@article{asanovic2014instruction,
  title={Instruction sets should be free: The case for risc-v},
  author={Asanovi{\'c}, Krste and Patterson, David A},
  journal={EECS Department, University of California, Berkeley, Tech. Rep. UCB/EECS-2014-146},
  year={2014}
}

@article{mezger2022survey,
  title={A survey of the RISC-V architecture software support},
  author={Mezger, Benjamin W and Santos, Douglas A and Dilillo, Luigi and Zeferino, Cesar A and Melo, Douglas R},
  journal={IEEE Access},
  volume={10},
  pages={51394--51411},
  year={2022},
  publisher={IEEE}
}

@article{lenharth2016parallel,
  title={Parallel graph analytics},
  author={Lenharth, Andrew and Nguyen, Donald and Pingali, Keshav},
  journal={Communications of the ACM},
  volume={59},
  number={5},
  pages={78--87},
  year={2016},
  publisher={ACM New York, NY, USA}
}

@article{lumsdaine2007challenges,
  title={Challenges in parallel graph processing},
  author={Lumsdaine, Andrew and Gregor, Douglas and Hendrickson, Bruce and Berry, Jonathan},
  journal={Parallel Processing Letters},
  volume={17},
  number={01},
  pages={5--20},
  year={2007},
  publisher={World Scientific}
}

@inproceedings{arai2024doubling,
  title={Doubling graph traversal efficiency to 198 TeraTEPS on the supercomputer Fugaku},
  author={Arai, Junya and Nakao, Masahiro and Inoue, Yuto and Teranishi, Kanto and Ueno, Koji and Yamamura, Keiichiro and Sato, Mitsuhisa and Fujisawa, Katsuki},
  booktitle={SC24: International Conference for High Performance Computing, Networking, Storage and Analysis},
  pages={1--14},
  year={2024},
  organization={IEEE}
}

@article{beamer2013direction,
  title={Direction-optimizing breadth-first search},
  author={Beamer, Scott and Asanovi{\'c}, Krste and Patterson, David},
  journal={Scientific Programming},
  volume={21},
  number={3-4},
  pages={137--148},
  year={2013},
  publisher={Wiley Online Library}
}

@incollection{jia2012edge,
  title={Edge v. node parallelism for graph centrality metrics},
  author={Jia, Yuntao and Lu, Victor and Hoberock, Jared and Garland, Michael and Hart, John C},
  booktitle={GPU Computing Gems Jade Edition},
  pages={15--28},
  year={2012},
  publisher={Elsevier}
}

@inproceedings{iwabuchi2014nvm,
  title={NVM-based hybrid BFS with memory efficient data structure},
  author={Iwabuchi, Keita and Sato, Hitoshi and Yasui, Yuichiro and Fujisawa, Katsuki and Matsuoka, Satoshi},
  booktitle={2014 IEEE International Conference on Big Data (Big Data)},
  pages={529--538},
  year={2014},
  organization={IEEE}
}

@article{torok2020improving,
  title={Improving Graph Workload Performance by Rearranging the CSR Memory Layout},
  author={Torok, Ryan},
  year={2020}
}

@incollection{andaloro2025cache,
  title={Cache-optimized BFS on multi-core CPUs},
  author={Andaloro, Salvatore Domenico and Pasquali, Thomas and Vella, Flavio},
  booktitle={Proceedings of the 1st FastCode Programming Challenge},
  pages={23--27},
  year={2025}
}

@inproceedings{niu2025berrybees,
  title={BerryBees: Breadth first search by bit-tensor-cores},
  author={Niu, Yuyao and Casas, Marc},
  booktitle={Proceedings of the 30th ACM SIGPLAN Annual Symposium on Principles and Practice of Parallel Programming},
  pages={339--354},
  year={2025}
}

@inproceedings{leiserson2009cilk++,
  title={The Cilk++ concurrency platform},
  author={Leiserson, Charles E},
  booktitle={Proceedings of the 46th Annual Design Automation Conference},
  pages={522--527},
  year={2009}
}

@inproceedings{shun2013ligra,
  title={Ligra: a lightweight graph processing framework for shared memory},
  author={Shun, Julian and Blelloch, Guy E},
  booktitle={Proceedings of the 18th ACM SIGPLAN symposium on Principles and practice of parallel programming},
  pages={135--146},
  year={2013}
}

@article{gonzaga2024openmp,
  title={An OpenMP-based breadth-first search implementation using the bag data structure},
  author={Gonzaga de Oliveira, SL and Santana, MI and Brand{\~a}o, DN and Osthoff, C},
  journal={Concurrency and Computation: Practice and Experience},
  volume={36},
  number={16},
  pages={e8119},
  year={2024},
  publisher={Wiley Online Library}
}

@inproceedings{zhang2015numa,
  title={NUMA-aware graph-structured analytics},
  author={Zhang, Kaiyuan and Chen, Rong and Chen, Haibo},
  booktitle={Proceedings of the 20th ACM SIGPLAN symposium on principles and practice of parallel programming},
  pages={183--193},
  year={2015}
}

@inproceedings{leiserson2010work,
  title={A work-efficient parallel breadth-first search algorithm (or how to cope with the nondeterminism of reducers)},
  author={Leiserson, Charles E and Schardl, Tao B},
  booktitle={Proceedings of the twenty-second annual ACM symposium on Parallelism in algorithms and architectures},
  pages={303--314},
  year={2010}
}

@inproceedings{roy2013x,
  title={X-stream: Edge-centric graph processing using streaming partitions},
  author={Roy, Amitabha and Mihailovic, Ivo and Zwaenepoel, Willy},
  booktitle={Proceedings of the Twenty-Fourth ACM Symposium on Operating Systems Principles},
  pages={472--488},
  year={2013}
}

@inproceedings{blagodurov2010case,
  title={A case for NUMA-aware contention management on multicore systems},
  author={Blagodurov, Sergey and Zhuravlev, Sergey and Fedorova, Alexandra and Kamali, Ali},
  booktitle={Proceedings of the 19th international conference on Parallel architectures and compilation techniques},
  pages={557--558},
  year={2010}
}

@inproceedings{velten2022memory,
  title={Memory performance of amd epyc rome and intel cascade lake sp server processors},
  author={Velten, Markus and Sch{\"o}ne, Robert and Ilsche, Thomas and Hackenberg, Daniel},
  booktitle={Proceedings of the 2022 ACM/SPEC on International Conference on Performance Engineering},
  pages={165--175},
  year={2022}
}

@article{mellor1991algorithms,
  title={Algorithms for scalable synchronization on shared-memory multiprocessors},
  author={Mellor-Crummey, John M and Scott, Michael L},
  journal={ACM Transactions on Computer Systems (TOCS)},
  volume={9},
  number={1},
  pages={21--65},
  year={1991},
  publisher={ACM New York, NY, USA}
}

@inproceedings{tithi2013avoiding,
  title={Avoiding locks and atomic instructions in shared-memory parallel BFS using optimistic parallelization},
  author={Tithi, Jesmin Jahan and Matani, Dhruv and Menghani, Gaurav and Chowdhury, Rezaul A},
  booktitle={2013 IEEE International Symposium on Parallel \& Distributed Processing, Workshops and Phd Forum},
  pages={1628--1637},
  year={2013},
  organization={IEEE}
}

@article{dennis2022adaptive,
  title={An adaptive self-scheduling loop scheduler},
  author={Dennis Booth, Joshua and Allen Lane, Phillip},
  journal={Concurrency and Computation: Practice and Experience},
  volume={34},
  number={6},
  pages={e6750},
  year={2022},
  publisher={Wiley Online Library}
}

@article{amaral2000classes,
  title={Classes of small-world networks},
  author={Amaral, Lu{\i}s A Nunes and Scala, Antonio and Barthelemy, Marc and Stanley, H Eugene},
  journal={Proceedings of the national academy of sciences},
  volume={97},
  number={21},
  pages={11149--11152},
  year={2000},
  publisher={The National Academy of Sciences}
}

@inproceedings{gandham2024occ,
  title={OCC Pinning: Optimizing Concurrent Computations through Thread Pinning},
  author={Gandham, Brahmaiah and Alapati, Praveen},
  booktitle={Proceedings of the 2024 Workshop on Advanced Tools, Programming Languages, and PLatforms for Implementing and Evaluating algorithms for Distributed systems},
  pages={1--5},
  year={2024}
}

@article{elster2022nvidia,
  title={Nvidia hopper gpu and grace cpu highlights},
  author={Elster, Anne C and Haugdahl, Tor A},
  journal={Computing in Science \& Engineering},
  volume={24},
  number={2},
  pages={95--100},
  year={2022},
  publisher={IEEE}
}

@book{chen2018finite,
  title={Finite element modeling and simulation with ANSYS Workbench},
  author={Chen, Xiaolin and Liu, Yijun},
  year={2018},
  publisher={CRC press}
}

@book{penrose2003random,
  title={Random geometric graphs},
  author={Penrose, Mathew},
  volume={5},
  year={2003},
  publisher={OUP Oxford}
}

@inproceedings{kenniche2010random,
  title={Random geometric graphs as model of wireless sensor networks},
  author={Kenniche, Hichem and Ravelomananana, Vlady},
  booktitle={2010 The 2nd international conference on computer and automation engineering (ICCAE)},
  volume={4},
  pages={103--107},
  year={2010},
  organization={IEEE}
}

@article{estrada2016epidemic,
  title={Epidemic spreading in random rectangular networks},
  author={Estrada, Ernesto and Meloni, Sandro and Sheerin, Matthew and Moreno, Yamir},
  journal={Physical review E},
  volume={94},
  number={5},
  pages={052316},
  year={2016},
  publisher={APS}
}

@inproceedings{brown2023performance,
  title={Performance characterisation of the 64-core SG2042 RISC-V CPU for HPC},
  author={Brown, Nick and Jamieson, Maurice},
  booktitle={International Conference on High Performance Computing},
  pages={354--367},
  year={2023},
  organization={Springer}
}
